@Book{knuth:84,
  author = 	 {Donald E. Knuth},
  title = 	 {The {\TeX} Book},
  publisher = 	 {Addison-Wesley},
  year = 	 {1984},
  edition = 	 {15th}
}

@InCollection{boulic:91,
  author = 	 {R. Boulic and O. Renault},
  title = 	 {3D Hierarchies for Animation},
  booktitle = 	 {New Trends in Animation and Visualization},
  publisher =    {John Wiley {\&} Sons ltd.},
  year = 	 {1991},
  editor = 	 {Nadia Magnenat-Thalmann and Daniel Thalmann}
}

@InCollection{smith:99,
  author = 	 {A. Smith and B. Jones},
  title = 	 {On the Complexity of Computing},
  booktitle = 	 {Advances in Computer Science},
  pages = 	 {555--566},
  publisher =    {Publishing Press},
  year = 	 {1999},
  editor = 	 {A. B. Smith-Jones}
}

@inproceedings{Petersen:2008:SMS:2227115.2227123,
 author = {Petersen, Kai and Feldt, Robert and Mujtaba, Shahid and Mattsson, Michael},
 title = {Systematic mapping studies in software engineering},
 booktitle = {Proceedings of the 12th international conference on Evaluation and Assessment in Software Engineering},
 series = {EASE'08},
 year = {2008},
 location = {Italy},
 pages = {68--77},
 numpages = {10},
 url = {http://dl.acm.org/citation.cfm?id=2227115.2227123},
 acmid = {2227123},
 publisher = {British Computer Society},
 address = {Swinton, UK, UK},
 keywords = {evidence based software engineering, systematic mapping studies, systematic reviews}
} 

@techreport{systematic-review-guidelines-2007,
    author = {Kitchenham, Barbara and Charters, Stuart},
    institution = {Keele University and Durham University Joint Report},
    keywords = {research-methods, systematic-review},
    number = {EBSE 2007-001},
    posted-at = {2009-01-27 02:42:01},
    title = {Guidelines for performing Systematic Literature Reviews in Software Engineering},
    url = {http://www.dur.ac.uk/ebse/resources/Systematic-reviews-5-8.pdf},
    year = {2007}
}
